@ARTICLE{SMO,
author={Shevade, S.K. and Keerthi, S.S. and Bhattacharyya, C. and Murthy, K.R.K.},
journal={Neural Networks, IEEE Transactions on},
title={Improvements to the SMO algorithm for SVM regression},
year={2000},
month={sep},
volume={11},
number={5},
pages={1188 -1193},
keywords={Karush-Kuhn-Tucker conditions;quadratic programming;regression;sequential minimal optimization;support vector machine;threshold parameters;neural nets;quadratic programming;statistical analysis;},
doi={10.1109/72.870050},
ISSN={1045-9227},}

@TECHREPORT{SVM,
    author = {Alex J. Smola and Bernhard Scholkopf},
    title = {A Tutorial on Support Vector Regression},
    institution = {STATISTICS AND COMPUTING},
    year = {2003}
}

@INPROCEEDINGS{bagging,
    author = {Leo Breiman and Leo Breiman},
    title = {Bagging Predictors},
    booktitle = {Machine Learning},
    year = {1996},
    pages = {123--140}
}
